@ONLINE{norvig,
      author = {Peter Norvig},
      title = {On Chomsky and the Two Cultures of Statistical Learning},
      month = {May},
      year = {2011},
      url = {http://norvig.com/chomsky.html}
}